@article{
    montagud_martinez2021,
    title={CRISPR-mediated strand displacement logic circuits with toehold-free DNA},
    volume={10},
    number={5},
    journal={ACS Synthetic Biology},
    author={Montagud-Martínez, Roser and Heras-Hernández, María and Goiriz, Lucas and Daròs, José-Antonio and Rodrigo, Guillermo},
    year={2021},
    pages={950-956}
} 
@article{
    dolcemascolo2022,
    title={Gene regulation by a protein translation factor at the single-cell level},
    volume={18},
    number={5},
    journal={PLoS Computational Biology},
    author={Dolcemascolo, Roswitha and Goiriz, Lucas and Montagud-Martínez, Roser and Rodrigo, Guillermo},
    year={2022},
    pages={e1010087}
} 
@article{
    goiriz2021,
    title={Nonequilibrium thermodynamics of the RNA-RNA interaction underlying a genetic transposition program},
    volume={103},
    number={4},
    journal={Physical Review E},
    author={Goiriz, Lucas and Rodrigo, Guillermo},
    year={2021},
    pages={042410}
}