@article{Cai2006,
  title        = {Stochastic protein expression in individual cells at the single molecule level},
  author       = {Cai, L. and Friedman, N. and Xie, X. S.},
  journal      = {Nature},
  volume       = {440},
  number       = {7082},
  pages        = {358--362},
  year         = {2006}
}

@article{Elowitz2002,
  title        = {Stochastic gene expression in a single cell},
  author       = {Elowitz, M. B. and Levine, A. J. and Siggia, E. D. and Swain, P. S.},
  journal      = {Science},
  volume       = {297},
  number       = {5584},
  pages        = {1183--1186},
  year         = {2002}
}

@article{Golding2005,
  title        = {Real-time kinetics of gene activity in individual bacteria},
  author       = {Golding, I. and Paulsson, J. and Zawilski, S. M. and Cox, E. C.},
  journal      = {Cell},
  volume       = {123},
  number       = {6},
  pages        = {1025--1036},
  year         = {2005}
}

@article{Gottesman2004,
  title        = {The small {RNA} regulators of {\em Escherichia coli}: roles and mechanisms},
  author       = {Gottesman, S.},
  journal      = {Annual Review of Microbiology},
  volume       = {58},
  pages        = {303--328},
  year         = {2004}
}

@article{Green2014,
  title        = {{Toehold switches}: de-novo-designed regulators of gene expression},
  author       = {Green, A. A. and Silver, P. A. and Collins, J. J. and Yin, P.},
  journal      = {Cell},
  volume       = {159},
  number       = {4},
  pages        = {925--939},
  year         = {2014}
}

@article{Levine2007,
  title        = {Quantitative characteristics of gene regulation by small {RNA}},
  author       = {Levine, E. and Zhang, Z. and Kuhlman, T. and Hwa, T.},
  journal      = {PLoS Biology},
  volume       = {5},
  number       = {9},
  pages        = {e229},
  year         = {2007}
}

@article{McAdams1997,
  title        = {Stochastic mechanisms in gene expression},
  author       = {McAdams, H. H. and Arkin, A.},
  journal      = {Proceedings of the National Academy of Sciences},
  volume       = {94},
  number       = {3},
  pages        = {814--819},
  year         = {1997}
}

@article{Paulsson2004,
  title        = {Summing up the noise in gene networks},
  author       = {Paulsson, J.},
  journal      = {Nature},
  volume       = {427},
  number       = {6973},
  pages        = {415--418},
  year         = {2004}
}

@article{Qi2013,
  title        = {Repurposing {CRISPR} as an {RNA}-guided platform for sequence-specific control of gene expression},
  author       = {Qi, L. S. and Larson, B. M. and Gilbert, L. A. and et al.},
  journal      = {Cell},
  volume       = {152},
  number       = {5},
  pages        = {1173--1183},
  year         = {2013}
}

@article{Qian2011,
  title        = {Scaling up digital circuit computation with {DNA} strand displacement cascades},
  author       = {Qian, L. and Winfree, E.},
  journal      = {Science},
  volume       = {332},
  number       = {6034},
  pages        = {1196--1201},
  year         = {2011}
}

@article{Sharma2012,
  title        = {Engineering artificial small {RNAs} for conditional gene silencing in {\em Escherichia coli}},
  author       = {Sharma, V. and Yamamura, A. and Yokobayashi, Y.},
  journal      = {{ACS} Synthetic Biology},
  volume       = {1},
  number       = {1},
  pages        = {6--13},
  year         = {2012}
}

@article{Swain2002,
  title        = {Intrinsic and extrinsic contributions to stochasticity in gene expression},
  author       = {Swain, P. S. and Elowitz, M. B. and Siggia, E. D.},
  journal      = {Proceedings of the National Academy of Sciences},
  volume       = {99},
  number       = {20},
  pages        = {12795--12800},
  year         = {2002}
}

@article{Taniguchi2010,
  title        = {Quantifying {\em E. coli} proteome and transcriptome with single-molecule sensitivity},
  author       = {Taniguchi, Y. and Choi, P. J. and Li, G. W. and et al.},
  journal      = {Science},
  volume       = {329},
  number       = {5991},
  pages        = {533--538},
  year         = {2010}
}

@article{Waters2009,
  title        = {Regulatory {RNAs} in bacteria},
  author       = {Waters, L. S. and Storz, G.},
  journal      = {Cell},
  volume       = {136},
  number       = {4},
  pages        = {615--628},
  year         = {2009}
}

@article{Yu2006,
  title        = {Probing gene expression in live cells, one protein molecule at a time},
  author       = {Yu, J. and Xiao, J. and Ren, X. and Lao, K. and Xie, X. S.},
  journal      = {Science},
  volume       = {311},
  number       = {5767},
  pages        = {1600--1603},
  year         = {2006}
}

@article{Rodrigo2018,
  title        = {Post-transcriptional bursting in genes regulated by small RNA molecules},
  author       = {Rodrigo, Guillermo},
  journal      = {Physical Review E},
  volume       = {97},
  number       = {3},
  pages        = {032401},
  year         = {2018}
}
@article{ArbelGoren2016,
  author    = {Arbel-Goren, R. and Tal, A. and Parasar, B. and Dym, A. and Costantino, N. and Muñoz-García, J. and Stavans, J.},
  title     = {Transcript degradation and noise of small RNA-controlled genes in a switch activated network in Escherichia coli},
  journal   = {Nucleic Acids Research},
  year      = {2016},
  volume    = {44},
  number    = {14},
  pages     = {6707--6720}
}

@article{Gillespie2007,
  author    = {Gillespie, D. T.},
  title     = {Stochastic simulation of chemical kinetics},
  journal   = {Annual Review of Physical Chemistry},
  year      = {2007},
  volume    = {58},
  pages     = {35--55}
}

@article{Hanggi1990,
  author    = {Hänggi, P. and Talkner, P. and Borkovec, M.},
  title     = {Reaction-rate theory: fifty years after Kramers},
  journal   = {Reviews of Modern Physics},
  year      = {1990},
  volume    = {62},
  number    = {2},
  pages     = {251--341}
}

@article{Mutalik2012,
  author    = {Mutalik, V. K. and Qi, L. and Guimarães, J. C. and Lucks, J. B. and Arkin, A. P.},
  title     = {Rationally designed families of orthogonal RNA regulators of translation},
  journal   = {Nature Chemical Biology},
  year      = {2012},
  volume    = {8},
  number    = {5},
  pages     = {447--454}
}

@article{Ozbudak2002,
  author    = {Ozbudak, E. M. and Thattai, M. and Kurtser, I. and Grossman, A. D. and van Oudenaarden, A.},
  title     = {Regulation of noise in the expression of a single gene},
  journal   = {Nature Genetics},
  year      = {2002},
  volume    = {31},
  number    = {1},
  pages     = {69--73}
}

@article{Salim2012,
  author    = {Salim, N. and Lamichhane, R. and Zhao, R. and Banerjee, T. and Philip, J. and Rueda, D. and Feig, A. L.},
  title     = {Thermodynamic and kinetic analysis of an RNA kissing interaction and its resolution into an extended duplex},
  journal   = {Biophysical Journal},
  year      = {2012},
  volume    = {102},
  number    = {5},
  pages     = {1097--1107}
}

@article{Schmiedel2015,
  author    = {Schmiedel, J. M. and Klemm, S. L. and Zheng, Y. and Sahay, A. and Blüthgen, N. and Marks, D. S. and van Oudenaarden, A.},
  title     = {MicroRNA control of protein expression noise},
  journal   = {Science},
  year      = {2015},
  volume    = {348},
  number    = {6230},
  pages     = {128--132}
}


@article{Tanenbaum2014,
  author    = {Tanenbaum, M. E. and Gilbert, L. A. and Qi, L. S. and Weissman, J. S. and Vale, R. D.},
  title     = {A protein-tagging system for signal amplification in gene expression and fluorescence imaging},
  journal   = {Cell},
  year      = {2014},
  volume    = {159},
  number    = {3},
  pages     = {635--646}
}

@article{Rodrigo2015,
  author    = {Rodrigo, Guillermo and Majer, Eszter and Prakash, Shashank and Danchin, Antoine and Jaramillo, Alfonso},
  title     = {Exploring the Dynamics and Mutational Landscape of Riboregulation with a Minimal Synthetic Circuit in Living Cells},
  journal   = {Biophysical Journal},
  year      = {2015},
  volume    = {109},
  number    = {5},
  pages     = {1070--1076},
  doi       = {10.1016/j.bpj.2015.07.033}
}
