@article{kimura1987,
  author = {Kimura, M.},
  title = {Molecular evolutionary clock and the neutral theory},
  journal = {J Mol Evol},
  year = {1987},
  volume = {26},
  number = {1--2},
  pages = {24--33}
}

@article{kumar2005,
  author = {Kumar, S.},
  title = {Molecular clocks: Four decades of evolution},
  journal = {Nat Rev Genet},
  year = {2005},
  volume = {6},
  number = {8},
  pages = {654--662}
}

@article{ayala1997,
  author = {Ayala, FJ},
  title = {Vagaries of the molecular clock},
  journal = {Proc Natl Acad Sci USA},
  year = {1997},
  volume = {94},
  number = {15},
  pages = {7776--7783}
}

@article{drummond2008,
  author = {Drummond, AJ and Ho, SYW and Phillips, MJ and Rambaut, A},
  title = {Relaxed phylogenetics and dating with confidence},
  journal = {PLoS Biol},
  year = {2006},
  volume = {4},
  number = {5},
  pages = {e88}
}

@article{bedford2008,
  author = {Bedford, T and Wapinski, I and Hartl, DL},
  title = {Overdispersion of the molecular clock varies between yeast, drosophila and mammals},
  journal = {Genetics},
  year = {2008},
  volume = {179},
  number = {2},
  pages = {977--984}
}

@article{huynen1996,
  author = {Huynen, MA and Stadler, PF and Fontana, W},
  title = {Smoothness within ruggedness: The role of neutrality in adaptation},
  journal = {Proc Natl Acad Sci USA},
  year = {1996},
  volume = {93},
  number = {1},
  pages = {397--401}
}

@article{goiriz2023,
  author = {Goiriz, L and Ruiz, R and Garibo-i-Orts, O and Conejero, JA and Rodrigo, G},
  title = {A variant-dependent molecular clock with anomalous diffusion models SARS-CoV-2 evolution in humans},
  journal = {Proc Natl Acad Sci USA},
  year = {2023},
  volume = {120},
  number = {30},
  pages = {e2303578120}
}

@article{chor2005,
  author = {Chor, B and Tuller, T},
  title = {Maximum likelihood of evolutionary trees: hardness and approximation},
  journal = {Bioinformatics},
  year = {2005},
  volume = {21},
  number = {S1},
  pages = {i97--i106}
}

@article{obermeyer2022,
  author = {Obermeyer, F and Jankowiak, M and Barkas, N and Schaffner, SF and Pyle, JD and Yurkovetskiy, L, et al.},
  title = {Analysis of 6.4 million SARS-CoV-2 genomes identifies mutations associated with fitness},
  journal = {Science},
  year = {2022},
  volume = {376},
  number = {6599},
  pages = {1327--1332}
}

@article{oude2020,
  author = {Oude Munnink, BB and Nieuwenhuijse, DF and Stein, M and O'Toole, A and Haverkate, M and Mollers, M and Kamga, SK and Schapendonk, C and Pronk, M and Lexmond, P, et al.},
  title = {Rapid SARS-CoV-2 whole-genome sequencing and analysis for informed public health decision-making in the Netherlands},
  journal = {Nat Med},
  year = {2020},
  volume = {26},
  number = {9},
  pages = {1405--1410}
}

@article{katoh2013,
  author = {Katoh, K and Standley, DM},
  title = {MAFFT multiple sequence alignment software version 7: Improvements in performance and usability},
  journal = {Mol Biol Evol},
  year = {2013},
  volume = {30},
  number = {4},
  pages = {772--780}
}

@article{wang2022,
  author = {Wang, W and Metzler, R and Cherstvy, AG},
  title = {Anomalous diffusion, aging, and nonergodicity of scaled Brownian motion with fractional Gaussian noise: Overview of related experimental observations and models},
  journal = {Phys Chem Chem Phys},
  year = {2022},
  volume = {24},
  number = {31},
  pages = {18482--18504}
}

@article{khare2021,
  author = {Khare, S and Gurry, C and Freitas, L and Schultz, MB and Bach, G and Diallo, A and Akite, N and Ho, J and Lee, RTC and Yeo, W, et al.},
  title = {GISAID's role in pandemic response},
  journal = {China CDC Weekly},
  year = {2021},
  volume = {3},
  number = {49},
  pages = {1049--1051}
}

@article{Mlcochova2021,
  author = {Mlcochova, P and Kemp, SA and Dhar, MS and Papa, G and Meng, B and Ferreira, IATM and Datir, R and Collier, DA and Albecka, A and Singh, S, et al.},
  title = {SARS-CoV-2 B.1.617.2 Delta variant replication and immune evasion},
  journal = {Nature},
  year = {2021},
  volume = {599},
  number = {7883},
  pages = {114--119}
}

@article{tenaillon2016,
  author = {Tenaillon, O and Barrick, JE and Ribeck, N and Deatherage, DE and Blanchard, JL and Dasgupta, A and Wu, GC and Wielgoss, S and Cruveiller, S and Medigue, C and Schneider, D and Lenski, RE},
  title = {Tempo and mode of genome evolution in a 50,000-generation experiment},
  journal = {Nature},
  year = {2016},
  volume = {536},
  number = {7615},
  pages = {165--170}
}

@article{borgsmuller2023,
  author = {Borgsmuller, N and Valecha, M and Kuipers, J and Beerenwinkel, N and Posada, D},
  title = {Single-cell phylogenies reveal changes in the evolutionary rate within cancer and healthy tissues},
  journal = {Cell Genomics},
  year = {2023},
  volume = {3},
  number = {9},
  pages = {100380}
}
