% 1
@article{koonin2013,
    title={A virocentric perspective on the evolution of life},
    author={Koonin, E.V. and Dolja, V.V.},
    journal={Curr. Opin. Virol.},
    volume={3},
    pages={536--557},
    year={2013}
}

% 2 
@article{drake1998,
    title={Rates of spontaneous mutation},
    author={Drake, J.W. and Charlesworth, B. and Charlesworth, D. and Crow, J.F.}, 
    journal={Genetics},
    volume={148},
    pages={1667--1686},
    year={1998}
}

@article{nielsen2005,
    title={Molecular signatures of natural selection},
    volume={39},
    DOI={10.1146/annurev.genet.39.073003.112420},
    number={1},
    journal={Annual Review of Genetics},
    author={Nielsen, Rasmus},
    year={2005},
    month={Dec},
    pages={197--218}
} 

@article{zuckerkandl1965,
    title={Evolutionary divergence and convergence in proteins},
    journal={Evolving Genes and Proteins},
    author={Emile Zuckerkandl and Linus Pauling},
    editor={V. Bryson and H. J. Vogel},
    publisher={Academic Press},
    year={1965},
    pages={97--166}
}


% 3
@article{ayala1999,
    title={Molecular clock mirages},
    author={Ayala, F.J.},
    journal={BioEssays},
    volume={21},
    pages={71--75},
    year={1999}
}

% 4
@article{kumar2005,
    title={Molecular clocks: four decades of evolution},
    author={Kumar, S.},
    journal={Nat. Rev. Genet.},
    volume={6},
    pages={654--662},
    year={2005}
}

@article{kimura1968,
    title={Evolutionary rate at the molecular level},
    volume={217},
    number={5129},
    journal={Nature},
    author={Kimura, Motoo},
    year={1968},
    month={Feb},
    pages={624-626}
} 

% 5
@article{kimura1987,
    title={Molecular evolutionary clock and the neutral theory},
    author={Kimura, M.},
    journal={J. Mol. Evol.},
    volume={26},
    pages={24--33},
    year={1987}
}

% 6
@article{gojobori1990,
    title={Molecular clock of viral evolution, and the neutral theory},
    author={Gojobori, T. and Moriyama, E.N. and Kimura, M.},
    journal={Proc. Natl. Acad. Sci. USA},
    volume={87},
    pages={10015--10018},
    year={1990}
}

% 7
@article{leitner1999,
    title={The molecular clock of HIV-1 unveiled through analysis of a known transmission history},
    author={Leitner, T. and Albert, J.},
    journal={Proc. Natl. Acad. Sci. USA},
    volume={96},
    pages={10752--10757},
    year={1999}
}

% 8
@article{jenkins2002,
    title={Rates of molecular evolution in RNA viruses: a quantitative phylogenetic analysis},
    author={Jenkins, G.M. and Rambaut, A. and Pybus, O.G. and Holmes, E.C.},
    journal={J. Mol. Evol.},
    volume={54},
    pages={156--165},
    year={2002}
}

% 9
@article{bedford2008,
    title={Overdispersion of the molecular clock varies between yeast, Drosophila and mammals},
    author={Bedford, T. and Wapinski, I. and Hartl, D.L.},
    journal={Genetics},
    volume={179},
    pages={977--984},
    year={2008}
}

% 10
@article{li2021,
    title={The emergence, genomic diversity and global spread of SARS-CoV-2},
    author={Li, J. and Lai, S. and Gao, G.F. and Shi, W.},
    journal={Nature},
    volume={600},
    pages={408--418},
    year={2021}
}

% 11
@article{bedford2020,
    title={Cryptic transmission of SARS-CoV-2 in Washington state},
    author={Bedford, T. and Greninger, A.L. and Roychoudhury, P. and Starita, L.M. and Famulare, M. and \textit{et al.}},
    journal={Science},
    volume={370},
    pages={571--575},
    year={2020}
}

% 12
@article{lopez2021,
    title={The first wave of the COVID-19 epidemic in Spain was associated with early introductions and fast spread of a dominating genetic variant},
    author={López, M.G. and Chiner-Oms, Á. and García de Viedma, D. and Ruiz-Rodriguez, P. and Bracho, M.A. and \texit{et al.}},
    journal={Nat. Genet.},
    volume={53},
    pages={1405--1414},
    year={2021}
}

% 13
@article{lemieux2021,
    title={Phylogenetic analysis of SARS-CoV-2 in Boston highlights the impact of superspreading events},
    author={Lemieux, J.E. and Siddle, K.J. and Shaw, B.M. and Loreth, C. and Schaffner, S.F. and \textit{et al.}},
    journal={Science},
    volume={371},
    pages={eabe3261},
    year={2021}
}

% 14
@article{tegally2021,
    title={Detection of a SARS-CoV-2 variant of concern in South Africa},
    author={Tegally, H. and Wilkinson, E. and Giovanetti, M. and Iranzadeh, A. and Fonseca, V. and \textit{et al.}},
    journal={Nature},
    volume={592},
    pages={438--443},
    year={2021}
}

% 15
@article{kraemer2021,
    title={Spatiotemporal invasion dynamics of SARS-CoV-2 lineage B.1.1.7 emergence},
    author={Kraemer, M.U. and Hill, V. and Ruis, C. and Dellicour, S. and Bajaj, S. and \textit{et al.}},
    journal={Science},
    volume={373},
    pages={889--895},
    year={2021}
}

% 16
@article{rockett2022,
    title={Co-infection with SARS-CoV-2 Omicron and Delta variants revealed by genomic surveillance},
    author={Rockett, R.J. and Draper, J. and Gall, M. and Sim, E.M. and Arnott, A. and \textit{et al.}},
    journal={Nat. Commun.},
    volume={13},
    pages={2745},
    year={2022}
}

% 17
@article{jackson2021,
    title={Generation and transmission of interlineage recombinants in the SARS-CoV-2 pandemic},
    author={Jackson, B. and Boni, M.F. and Bull, M.J. and Colleran, A. and Colquhoun, R.M. and \textit{et al.}},
    journal={Cell},
    volume={184},
    pages={5179--5188},
    year={2021}
}

% 18
@article{rochman2021,
    title={Ongoing global and regional adaptive evolution of SARS-CoV-2},
    author={Rochman, N.D. and Wolf, Y.I. and Faure, G. and Mutz, P. and Zhang, F. and Koonin, E.V.},
    journal={Proc. Natl. Acad. Sci. USA},
    volume={118},
    pages={e2104241118},
    year={2021}
}

% 19
@article{yi2021,
    title={Mutational spectrum of SARS-CoV-2 during the global pandemic},
    author={Yi, K. and Kim, S.Y. and Bleazard, T. and Kim, T. and Youk, J. and Ju, Y.S.},
    journal={Exp. Mol. Med.},
    volume={53},
    pages={1229--1237},
    year={2021}
}

% 20
@inproceedings{deSilva2003,
  title={Global versus local methods in nonlinear dimensionality reduction},
  author={de Silva, V. and Tenenbaum, J.B.},
  booktitle={Advances in Neural Information Processing Systems},
  pages={721--728},
  year={2003}
}

% 21
@article{ghafari2022,
    title={Purifying selection determines the short-term time dependency of evolutionary rates in SARS-CoV-2 and pH1N1 influenza},
    author={Ghafari, M. and du Plessis, L. and Raghwani, J. and Bhatt, S. and Xu, B. and Pybus, O.G. and Katzourakis, A.},
    journal={Mol. Biol. Evol.},
    volume={39},
    pages={msac009},
    year={2022}
}

% 22
@article{manzo2015,
    title={A review of progress in single particle tracking: from methods to biophysical insights},
    author={Manzo, C. and Garcia-Parajo, M.F.},
    journal={Rep. Prog. Phys.},
    volume={78},
    pages={124601},
    year={2015}
}

% 23
@article{deMaio2021,
    title={Mutation rates and selection on synonymous mutations in SARS-CoV-2},
    author={De Maio, N. and Walker, C.R. and Turakhia, Y. and Lanfear, R. and Corbett-Detig, R. and Goldman, N.},
    journal={Genome Biol. Evol.},
    volume={13},
    pages={evab087},
    year={2021}
}

% 24
@article{christie2022,
    title={Single-virus tracking reveals variant SARS-CoV-2 spike proteins induce ACE2-independent membrane interactions},
    author={Christie, S.M. and Tada, T. and Yin, Y. and Bhardwaj, A. and Landau, N.R. and Rothenberg, E.},
    journal={Sci. Adv.},
    volume={8},
    pages={eabo3977},
    year={2022}
}

% 25
@article{kreutzberger2022,
    title={SARS-CoV-2 requires acidic pH to infect cells},
    author={Kreutzberger, A.J. and Sanyal, A. and Saminathan, A. and Bloyet, L.M. and Stumpf, S. and \textit{et al.}},
    journal={Proc. Natl. Acad. Sci. USA},
    volume={119},
    pages={e2209514119},
    year={2022}
}

@article{katoh2002,
    title={MAFFT: A novel method for rapid multiple sequence alignment based on Fast Fourier transform},
    author={Katoh, K. and Misawa, K. and Kuma, K. and Miyata, T.},
    journal={Nucleic Acids Res.},
    volume={30},
    pages={3059--3066},
    year={2002}
}

@article{hill2022,
    title={The origins and molecular evolution of SARS-CoV-2 lineage B.1.1.7 in the UK},
    author={Hill, V. and Du Plessis, L. and Peacock, T.P. and Aggarwal, D. and Colquhoun, R. and et al.},
    journal={Virus Evol.},
    volume={8},
    pages={veac080},
    year={2022}
}

@article{michaelsen2022,
    title={Introduction and transmission of SARS-CoV-2 lineage B.1.1.7, Alpha variant, in Denmark},
    author={Michaelsen, T.Y. and Bennedbæk, M. and Christiansen, L.E. and Jørgensen, M.S. and Møller, C.H. and et al.},
    journal={Genome Med.},
    volume={14},
    pages={47},
    year={2022}
}

@article{rosner1983,
    title={Percentage Points for a Generalized ESD Many-Outlier Procedure},
    author={Rosner, B.},
    journal={Technometrics},
    volume={25},
    pages={165--172},
    year={1983}
}

@book{mckinney2012,
    title={Python for data analysis: Data wrangling with Pandas, NumPy, and IPython},
    author={McKinney, W.},
    publisher={O'Reilly Media},
    place={Sebastopol, California},
    year={2012}
}

@article{daCosta2022,
    title={Assessment of mutations on RBD in the Spike protein of SARS-CoV-2 Alpha, Delta and Omicron variants},
    author={da Costa, C.H.S. and de Freitas, C.A.B. and Alves, C.N. and Lameira, J.},
    journal={Sci. Rep.},
    volume={12},
    pages={8540},
    year={2022}
}

@article{kumar2022,
    title={Omicron (BA.1) and sub-variants (BA.1.1, BA.2, and BA.3) of SARS-CoV-2 spike infectivity and pathogenicity: A comparative sequence and structural-based computational assessment},
    author={Kumar, S. and Karuppanan, K. and Subramaniam, G.},
    journal={J. Med. Virol.},
    volume={94},
    pages={4780--4791},
    year={2022}
}

@article{kryazhimskiy2008,
    title={The population genetics of dN/dS},
    author={Kryazhimskiy, S. and Plotkin, J.B.},
    journal={PLoS Genet.},
    volume={4},
    pages={e1000304},
    year={2008}
}

@article{nei1986,
    title={Simple methods for estimating the numbers of synonymous and nonsynonymous nucleotide substitutions},
    author={Nei, M. and Gojobori, T.},
    journal={Mol. Biol. Evol.},
    volume={3},
    pages={418--426},
    year={1986}
}

@article{kursawe2013,
    title={Transient aging in fractional Brownian and Langevin-equation motion},
    author={Kursawe, J. and Schulz, J. and Metzler, R.},
    journal={Phys. Rev. E},
    volume={88},
    pages={062124},
    year={2013}
}

@article{efron1979,
    title={Bootstrap methods: Another look at the jackknife},
    author={Efron, B.},
    journal={Ann. Statist.},
    volume={7},
    pages={1--26},
    year={1979}
}

@article{mead1992,
    title={Review of the development of multidimensional scaling methods},
    volume={41},
    journal={J. R. Stat. Soc. D},
    author={Mead, A.},
    year={1992},
    pages={27--39}
}

@article{jolliffe2016,
    title={Principal component analysis: A review and recent developments},
    volume={374},
    journal={Philos. Trans. R. A.},
    author={Jolliffe, I.T. and Cadima, Jorge},
    year={2016},
    pages={20150202}
}

@article{neher2022,
    title={Contributions of adaptation and purifying selection to SARS-CoV-2 evolution},
    volume={8},
    journal={Virus Evol.},
    author={Neher, R.A.},
    year={2022},
    pages={veac113}
}

@article{tay2022,
    title={The emergence of SARS-CoV-2 variants of concern is driven by acceleration of the substitution rate},
    volume={39},
    journal={Mol. Biol. Evol.},
    author={Tay, J.H. and Porter, A.F. and Wirth, W. and Duchene, S.},
    year={2022},
    pages={msac013}
}

@article{jukes1969,
    title={Evolution of protein molecules},
    DOI={10.1016/b978-1-4832-3211-9.50009-7},
    journal={Mammalian Protein Metabolism},
    author={Jukes, Thomas H. and Cantor, Charles R.},
    year={1969},
    pages={21--132}
} 

@article{wang2022,
    title={Molecular evolutionary characteristics of SARS-CoV-2 emerging in the United States},
    volume={94},
    journal={Med. Virol.},
    author={Wang, S. and Xu, X. and Wei, C. and Li, S. and Zhao, J. and et al.},
    year={2022},
    pages={310--317}
}

@article{sievers2011,
    title={Fast, scalable generation of high‐quality protein multiple sequence alignments using Clustal Omega},
    volume={7},
    DOI={10.1038/msb.2011.75},
    number={1},
    journal={Molecular Systems Biology},
    author={Sievers, Fabian and Wilm, Andreas and Dineen, David and Gibson, Toby J and Karplus, Kevin and Li, Weizhong and Lopez, Rodrigo and McWilliam, Hamish and Remmert, Michael and Söding, Johannes and et al.}, year={2011},
    month={Jan}
}

@article{munoz2021,
    title={Objective comparison of methods to decode anomalous diffusion},
    volume={12},
    DOI={10.1038/s41467-021-26320-w},
    number={1},
    journal={Nature Communications},
    author={Muñoz-Gil, Gorka and Volpe, Giovanni and Garcia-March, Miguel Angel and Aghion, Erez and Argun, Aykut and Hong, Chang Beom and Bland, Tom and Bo, Stefano and Conejero, J. Alberto and Firbas, Nicolás and et al.},
    year={2021},
    month={Oct}
} 

@article{tenaillon2014,
  title={The utility of Fisher's geometric model in evolutionary genetics},
  author={Tenaillon, Olivier},
  journal={Annual Review of Ecology, Evolution, and Systematics},
  volume={45},
  pages={179--201},
  year={2014},
  doi={10.1146/annurev-ecolsys-120213-091846}
}


@article{couce2015,
  title={The rule of declining adaptability in microbial evolution experiments},
  author={Couce, Alejandro and Tenaillon, Olivier A.},
  journal={Frontiers in Genetics},
  volume={6},
  pages={99},
  year={2015},
  doi={10.3389/fgene.2015.00099}
}

@article{miller2011,
  title={Mutational effects and population dynamics during viral adaptation challenge current models},
  author={Miller, Craig R. and Joyce, Paul and Wichman, Holly A.},
  journal={Genetics},
  volume={187},
  number={1},
  pages={185--202},
  year={2011},
  doi={10.1534/genetics.110.121400}
}