@article{bouckaert2014beast,
    author = {Bouckaert, Remco and Heled, Joseph and K{\"u}hnert, Denise and Vaughan, Tim and Wu, Chieh-Hsi et al.},
    title = {{BEAST 2}: a software platform for {B}ayesian evolutionary analysis},
    journal = {PLoS Comput. Biol.},
    volume = {10},
    pages = {e1003537},
    year = {2014}
}

@article{chaguza2023accelerated,
    author = {Chaguza, Chrispin and Hahn, Alison M and Petrone, Mary E and Zhou, Shuntai and Ferguson, David et al.},
    title = {Accelerated {SARS-CoV-2} intrahost evolution leading to distinct genotypes during chronic infection},
    journal = {Cell Rep. Med.},
    volume = {4},
    pages = {100943},
    year = {2023}
}

@article{cock2009biopython,
    author = {Cock, Peter J A and Antao, Tiago and Chang, Jeffrey T and Chapman, Brad A and Cox, Cymon J et al.},
    title = {Biopython: freely available {P}ython tools for computational molecular biology and bioinformatics},
    journal = {Bioinformatics},
    volume = {25},
    pages = {1422--1423},
    year = {2009}
}

@article{coguk2020integrated,
    author = {{COVID-19 Genomics UK (COG-UK) consortium}},
    title = {An integrated national scale {SARS-CoV-2} genomic surveillance network},
    journal = {Lancet Microbe},
    volume = {1},
    pages = {e99--e100},
    year = {2020}
}

@article{crotty2001rna,
    author = {Crotty, Shane and Cameron, Craig E and Andino, Raul},
    title = {{RNA} virus error catastrophe: direct molecular test by using ribavirin},
    journal = {Proc. Natl. Acad. Sci. USA},
    volume = {98},
    pages = {6895--6900},
    year = {2001}
}

@article{demaio2023maximum,
    author = {De Maio, Nicola and Kalaghatgi, Prabhav and Turakhia, Yatish and Corbett-Detig, Russell and Minh, Bui Quang and Goldman, Nick},
    title = {Maximum likelihood pandemic-scale phylogenetics},
    journal = {Nat. Genet.},
    volume = {55},
    pages = {746--752},
    year = {2023}
}

@article{drummond2006relaxed,
    author = {Drummond, Alexei J and Ho, Simon Y W and Phillips, Matthew J and Rambaut, Andrew},
    title = {Relaxed phylogenetics and dating with confidence},
    journal = {PLoS Biol.},
    volume = {4},
    pages = {e88},
    year = {2006}
}

@article{elena2007virus,
    author = {Elena, Santiago F and Sanju{\'a}n, Rafael},
    title = {Virus evolution: insights from an experimental approach},
    journal = {Annu. Rev. Ecol. Evol. Syst.},
    volume = {38},
    pages = {27--52},
    year = {2007}
}

@article{gillespie1984molecular,
    author = {Gillespie, John H},
    title = {The molecular clock may be an episodic clock},
    journal = {Proc. Natl. Acad. Sci. USA},
    volume = {81},
    pages = {8009--8013},
    year = {1984}
}

@article{goiriz2023variant,
    author = {Goiriz, Luis and Ruiz, Raquel and Garibo-i-Orts, {\'O}scar and Conejero, J Alberto and Rodrigo, Guillermo},
    title = {A variant-dependent molecular clock with anomalous diffusion models {SARS-CoV-2} evolution in humans},
    journal = {Proc. Natl. Acad. Sci. USA},
    volume = {120},
    pages = {e2303578120},
    year = {2023}
}

@article{gojobori1990molecular,
    author = {Gojobori, Takashi and Moriyama, Etsuko N and Kimura, Motoo},
    title = {Molecular clock of viral evolution, and the neutral theory},
    journal = {Proc. Natl. Acad. Sci. USA},
    volume = {87},
    pages = {10015--10018},
    year = {1990}
}

@article{goldman1994codon,
    author = {Goldman, Nick and Yang, Ziheng},
    title = {A codon-based model of nucleotide substitution for protein-coding {DNA} sequences},
    journal = {Mol. Biol. Evol.},
    volume = {11},
    pages = {725--736},
    year = {1994}
}

@article{gray2011mode,
    author = {Gray, Rebecca R and Parker, Joe and Lemey, Philippe and Salemi, Marco and Katzourakis, Aris and Pybus, Oliver G},
    title = {The mode and tempo of hepatitis {C} virus evolution within and among hosts},
    journal = {BMC Evol. Biol.},
    volume = {11},
    pages = {131},
    year = {2011}
}

@article{hill2022origins,
    author = {Hill, Verity and Du Plessis, Louis and Peacock, Thomas P and Aggarwal, Dinesh and Colquhoun, Rachel et al.},
    title = {The origins and molecular evolution of {SARS-CoV-2} lineage {B.1.1.7} in the {UK}},
    journal = {Virus Evol.},
    volume = {8},
    pages = {veac080},
    year = {2022}
}

@article{jenkins2002rates,
    author = {Jenkins, Gareth M and Rambaut, Andrew and Pybus, Oliver G and Holmes, Edward C},
    title = {Rates of molecular evolution in {RNA} viruses: a quantitative phylogenetic analysis},
    journal = {J. Mol. Evol.},
    volume = {54},
    pages = {156--165},
    year = {2002}
}

@article{katoh2002mafft,
    author = {Katoh, Kazutaka and Misawa, Kazuharu and Kuma, Kei-ichi and Miyata, Takashi},
    title = {{MAFFT}: a novel method for rapid multiple sequence alignment based on fast {F}ourier transform},
    journal = {Nucleic Acids Res.},
    volume = {30},
    pages = {3059--3066},
    year = {2002}
}

@article{khare2021gisaid,
    author = {Khare, Surbhi and Gurry, Cole and Freitas, Luiz and Schultz, Mark B and Bach, Gunter et al.},
    title = {{GISAID}'s role in pandemic response},
    journal = {China CDC Weekly},
    volume = {3},
    pages = {1049--1051},
    year = {2021}
}

@article{kimura1987molecular,
    author = {Kimura, Motoo},
    title = {Molecular evolutionary clock and the neutral theory},
    journal = {J. Mol. Evol.},
    volume = {26},
    pages = {24--33},
    year = {1987}
}

@article{kistler2022rapid,
    author = {Kistler, Kathryn E and Huddleston, John and Bedford, Trevor},
    title = {Rapid and parallel adaptive mutations in spike {S1} drive clade success in {SARS-CoV-2}},
    journal = {Cell Host Microbe},
    volume = {30},
    pages = {545--555},
    year = {2022}
}

@article{kraemer2021spatiotemporal,
    author = {Kraemer, Moritz U G and Hill, Verity and Ruis, Christopher and Dellicour, Simon and Bajaj, Sumali et al.},
    title = {Spatiotemporal invasion dynamics of {SARS-CoV-2} lineage {B.1.1.7} emergence},
    journal = {Science},
    volume = {373},
    pages = {889--895},
    year = {2021}
}

@article{kumar2005molecular,
    author = {Kumar, Sudhir},
    title = {Molecular clocks: four decades of evolution},
    journal = {Nat. Rev. Genet.},
    volume = {6},
    pages = {654--662},
    year = {2005}
}

@article{lemieux2021phylogenetic,
    author = {Lemieux, Jacob E and Siddle, Katherine J and Shaw, Bennett M and Loreth, Christine and Schaffner, Stephen F et al.},
    title = {Phylogenetic analysis of {SARS-CoV-2} in {B}oston highlights the impact of superspreading events},
    journal = {Science},
    volume = {371},
    pages = {eabe3261},
    year = {2021}
}

@article{markov2023evolution,
    author = {Markov, Peter V and Ghafari, Mahan and Beer, Martin and Lythgoe, Katrina and Simmonds, Peter and Stilianakis, Nikolaos I and Katzourakis, Aris},
    title = {The evolution of {SARS-CoV-2}},
    journal = {Nat. Rev. Microbiol.},
    volume = {21},
    pages = {361--379},
    year = {2023}
}

@article{mccrone2022context,
    author = {McCrone, John T and Hill, Verity and Bajaj, Sumali and Pena, Rodolfo E and Lambert, Ben C et al.},
    title = {Context-specific emergence and growth of the {SARS-CoV-2} {D}elta variant},
    journal = {Nature},
    volume = {610},
    pages = {154--160},
    year = {2022}
}

@article{mckinney2012python,
    author = {McKinney, Wes},
    title = {Python for data analysis: Data wrangling with {P}andas, {N}um{P}y, and {IP}ython},
    journal = {O'Reilly Media},
    year = {2012}
}

@article{neher2022contributions,
    author = {Neher, Richard A},
    title = {Contributions of adaptation and purifying selection to {SARS-CoV-2} evolution},
    journal = {Virus Evol.},
    volume = {8},
    pages = {veac113},
    year = {2022}
}

@article{nelson2006stochastic,
    author = {Nelson, Martha I and Simonsen, Lone and Viboud, C{\'e}cile and Miller, Mark A and Taylor, Jill et al.},
    title = {Stochastic processes are key determinants of short-term evolution in influenza a virus},
    journal = {PLoS Pathog.},
    volume = {2},
    pages = {e125},
    year = {2006}
}

@article{obermeyer2022analysis,
    author = {Obermeyer, Fritz and Jankowiak, Martin and Barkas, Nikolaos and Schaffner, Stephen F and Pyle, Jesse D et al.},
    title = {Analysis of 6.4 million {SARS-CoV-2} genomes identifies mutations associated with fitness},
    journal = {Science},
    volume = {376},
    pages = {1327--1332},
    year = {2022}
}

@article{rouzine2001transition,
    author = {Rouzine, Igor M and Rodrigo, Allen and Coffin, John M},
    title = {Transition between stochastic evolution and deterministic evolution in the presence of selection: general theory and application to virology},
    journal = {Microbiol. Mol. Biol. Rev.},
    volume = {65},
    pages = {151--185},
    year = {2001}
}

@article{tao2021biological,
    author = {Tao, Kaiming and Tzou, Philip L and Nouhin, Janin and Gupta, Ravindra K and de Oliveira, Tulio et al.},
    title = {The biological and clinical significance of emerging {SARS-CoV-2} variants},
    journal = {Nat. Rev. Genet.},
    volume = {22},
    pages = {757--773},
    year = {2021}
}

@article{tsui2023genomic,
    author = {Tsui, Jessica L H and McCrone, John T and Lambert, Ben and Bajaj, Sumali and Inward, Richard P et al.},
    title = {Genomic assessment of invasion dynamics of {SARS-CoV-2} {O}micron {BA.1}},
    journal = {Science},
    volume = {381},
    pages = {336--343},
    year = {2023}
}

@article{tully2009shifts,
    author = {Tully, Damien C and Fares, Mario A},
    title = {Shifts in the selection-drift balance drive the evolution and epidemiology of foot-and-mouth disease virus},
    journal = {J. Virol.},
    volume = {83},
    pages = {781--790},
    year = {2009}
}

@article{viana2022rapid,
    author = {Viana, Raquel and Moyo, Sikhulile and Amoako, Daniel G and Tegally, Houriiyah and Scheepers, Cathrine et al.},
    title = {Rapid epidemic expansion of the {SARS-CoV-2} {O}micron variant in southern {A}frica},
    journal = {Nature},
    volume = {603},
    pages = {679--686},
    year = {2022}
}

@article{yang2021structural,
    author = {Yang, Haitao and Rao, Zihe},
    title = {Structural biology of {SARS-CoV-2} and implications for therapeutic development},
    journal = {Nat. Rev. Microbiol.},
    volume = {19},
    pages = {685--700},
    year = {2021}
}

@article{wagner2024positive,
    author = {Wagner, Cassia and Kistler, Kathryn E and Perchetti, Garrett A and Baker, Nicole and Frisbie, Lauren A et al.},
    title = {Positive selection underlies repeated knockout of {ORF8} in {SARS-CoV-2} evolution},
    journal = {Nat. Commun.},
    volume = {15},
    pages = {3207},
    year = {2024}
}

@article{wu2020new,
    author = {Wu, Fan and Zhao, Su and Yu, Bin and Chen, Yan-Mei and Wang, Wen et al.},
    title = {A new coronavirus associated with human respiratory disease in {C}hina},
    journal = {Nature},
    volume = {579},
    pages = {265--269},
    year = {2020}
}

@article{tay2022,
    title={The emergence of SARS-COV-2 variants of concern is driven by acceleration of the substitution rate},
    volume={39},
    DOI={10.1093/molbev/msac013},
    number={2},
    journal={Molecular Biology and Evolution},
    author={Tay, John H and Porter, Ashleigh F and Wirth, Wytamma and Duchene, Sebastian},
    year={2022},
    month={Jan}
}