@article{Zuckerkandl1965,
    title={Evolutionary divergence and convergence in proteins},
    journal={Evolving Genes and Proteins},
    author={Emile Zuckerkandl and Linus Pauling},
    editor={V. Bryson and H. J. Vogel},
    publisher={Academic Press},
    year={1965},
    pages={97--166}
}

@article{Elowitz2002,
  author = {Elowitz, Michael B. and Levine, Arnold J. and Siggia, Eric D. and Swain, Peter S.},
  title = {Stochastic gene expression in a single cell},
  journal = {Science},
  volume = {297},
  number = {5584},
  pages = {1183--1186},
  year = {2002},

}

@article{Weiss2004,
  author = {Weiss, Matthias and Elsner, Markus and Kartberg, Fredrik and Nilsson, Tommy},
  title = {Anomalous subdiffusion is a measure for cytoplasmic crowding in living cells},
  journal = {Biophysical Journal},
  volume = {87},
  number = {5},
  pages = {3518--3524},
  year = {2004},

}

@article{Hofling2013,
  author = {H{\"o}fling, Felix and Franosch, Thomas},
  title = {Anomalous transport in the crowded world of biological cells},
  journal = {Reports on Progress in Physics},
  volume = {76},
  number = {4},
  pages = {046602},
  year = {2013},

}

@article{Dolcemascolo2022,
  author = {Dolcemascolo, Roswitha and Goiriz, Lucas and Montagud-Mart{\'\i}nez, Roser and Rodrigo, Guillermo},
  title = {Gene regulation by a protein translation factor at the single-cell level},
  journal = {PLoS Computational Biology},
  volume = {18},
  number = {5},
  pages = {e1010087},
  year = {2022},

}

@article{Ho2011,
  author = {Ho, Simon Y. W. and Lanfear, Robert and Bromham, Lindell and Phillips, Matthew J. and Soubrier, Julien and Rodrigo, Allen G. and Cooper, Alan},
  title = {Time-dependent rates of molecular evolution},
  journal = {Molecular Ecology},
  volume = {20},
  number = {15},
  pages = {3087--3101},
  year = {2011},

}

@article{Drummond2006,
  author = {Drummond, Alexei J. and Ho, Simon Y. W. and Phillips, Matthew J. and Rambaut, Andrew},
  title = {Relaxed phylogenetics and dating with confidence},
  journal = {PLoS Biology},
  volume = {4},
  number = {5},
  pages = {e88},
  year = {2006},

}

@article{Grenfell2004,
  author = {Grenfell, Bryan T. and Pybus, Oliver G. and Gog, Julia R. and Wood, James L. N. and Daly, Janet M. and Mumford, J. A. and Holmes, Edward C.},
  title = {Unifying the epidemiological and evolutionary dynamics of pathogens},
  journal = {Science},
  volume = {303},
  number = {5656},
  pages = {327--332},
  year = {2004},

}

@article{Goiriz2023,
  author = {Goiriz Beltr{\'a}n, Lucas and Ruiz, Ra{\'u}l and Garib{o-}i-Orts, {\'O}scar and Conejero, Jos{\'e} A. and Rodrigo, Guillermo},
  title = {A variant-dependent molecular clock with anomalous diffusion models SARS-CoV-2 evolution in humans},
  journal = {Proceedings of the National Academy of Sciences of the USA},
  volume = {120},
  number = {30},
  pages = {e2303578120},
  year = {2023},

}

@article{Manrubia2023,
  author = {Manrubia, Susanna and Cuesta, Jos{\'e} A.},
  title = {Physics of diffusion in viral genome evolution},
  journal = {Proceedings of the National Academy of Sciences of the USA},
  volume = {120},
  number = {34},
  pages = {e2310999120},
  year = {2023},

}

@article{Holmes1999,
  author = {Holmes, Edward C. and Pybus, Oliver G. and Harvey, Paul H.},
  title = {The molecular population dynamics of HIV-1},
  journal = {The Evolution of HIV},
  pages = {177--207},
  year = {1999}
}

@article{Paulsson2004,
  author = {Paulsson, Johan},
  title = {Summing up the noise in gene networks},
  journal = {Nature},
  volume = {427},
  number = {6973},
  pages = {415--418},
  year = {2004},

}

@article{Kimura1968,
  author = {Kimura, Motoo},
  title = {Evolutionary rate at the molecular level},
  journal = {Nature},
  volume = {217},
  number = {5129},
  pages = {624--626},
  year = {1968}
}