% The Role of Mathematical Modeling in Biology and Evolution
@book{anderson1991infectious,
  author    = {Anderson, R. M. and May, R. M.},
  title     = {Infectious diseases of humans: dynamics and control},
  journal = {Oxford University Press},
  year      = {1991}
}

@article{ay2011mathematical,
  author  = {Ay, A. and Arnosti, D. N.},
  title   = {Mathematical modeling of gene expression: a guide for the perplexed biologist},
  journal = {Critical Reviews in Biochemistry and Molecular Biology},
  volume  = {46},
  number  = {2},
  pages   = {137--151},
  year    = {2011},
}

@article{banwarth-kuhn2020how,
  author  = {Banwarth-Kuhn, M. and Sindi, S. S.},
  title   = {How and why to build a mathematical model: A case study using prion aggregation},
  journal = {Journal of Biological Chemistry},
  volume  = {295},
  number  = {15},
  pages   = {5022--5035},
  year    = {2020},

}

@article{mcCandlish-stoltzfus2014,
    title={Modeling evolution using the probability of fixation: History and implications},
    volume={89},
    number={3},
    journal={The Quarterly Review of Biology},
    author={McCandlish, David M. and Stoltzfus, Arlin},
    year={2014},
    month={Sep},
    pages={225--252}
} 

@article{zuckerkandl-pauling1965,
    title={Evolutionary divergence and convergence in proteins},
    journal={Evolving Genes and Proteins},
    author={Zuckerkandl, Emile and Pauling, Linus},
    year={1965},
    pages={97--166}
} 

@article{brown2018evaluating,
  author  = {Brown, J. M. and Thomson, R. C.},
  title   = {Evaluating model performance in evolutionary biology},
  journal = {Annual Review of Ecology, Evolution, and Systematics},
  volume  = {49},
  pages   = {95--114},
  year    = {2018},

}

@article{gardner-cantor2000,
    title={Construction of a genetic toggle switch in escherichia coli},
    volume={403},
    number={6767},
    journal={Nature},
    author={Gardner, Timothy S. and Cantor, Charles R. and Collins, James J.},
    year={2000},
    month={Jan},
    pages={339--342}
} 

@article{elowitz2000synthetic,
  author  = {Elowitz, M. B. and Leibler, S.},
  title   = {A synthetic oscillatory network of transcriptional regulators},
  journal = {Nature},
  volume  = {403},
  number  = {6767},
  pages   = {335--338},
  year    = {2000},

}

@article{friedman2004inferring,
  author  = {Friedman, N.},
  title   = {Inferring cellular networks using probabilistic graphical models},
  journal = {Science},
  volume  = {303},
  number  = {5659},
  pages   = {799--805},
  year    = {2004},

}

@article{hethcote2000mathematics,
  author  = {Hethcote, H. W.},
  title   = {The mathematics of infectious diseases},
  journal = {SIAM Review},
  volume  = {42},
  number  = {4},
  pages   = {599--653},
  year    = {2000},

}

@article{jaeger2004dynamic,
  author  = {Jaeger, J. and Surkova, S. and Blagov, M. and et al.},
  title   = {Dynamic control of positional information in the early {Drosophila} blastoderm},
  journal = {Nature},
  volume  = {430},
  number  = {6997},
  pages   = {368--371},
  year    = {2004},

}

@article{kermack1927contribution,
  author  = {Kermack, W. O. and McKendrick, A. G.},
  title   = {A contribution to the mathematical theory of epidemics},
  journal = {Proceedings of the Royal Society A},
  volume  = {115},
  number  = {772},
  pages   = {700--721},
  year    = {1927},

}

@article{maynard1973logic,
  author  = {Maynard Smith, J. and Price, G. R.},
  title   = {The logic of animal conflict},
  journal = {Nature},
  volume  = {246},
  number  = {5427},
  pages   = {15--18},
  year    = {1973},

}

@article{nowak2004evolutionary,
  author  = {Nowak, M. A. and Sigmund, K.},
  title   = {Evolutionary dynamics of cooperation},
  journal = {Science},
  volume  = {303},
  number  = {5659},
  pages   = {793--799},
  year    = {2004},

}

@book{otto2007biologists,
  author    = {Otto, S. P. and Day, T.},
  title     = {A biologist's guide to mathematical modeling in ecology and evolution},
  journal = {Princeton University Press},
  year      = {2007}
}

@article{servedio2014not,
  author  = {Servedio, M. R. and Brandvain, Y. and Dhole, S. and et al.},
  title   = {Not just a theory - the utility of mathematical models in evolutionary biology},
  journal = {PLoS Biology},
  volume  = {12},
  number  = {12},
  pages   = {e1002017},
  year    = {2014},

}

@article{siettos2013mathematical,
  author  = {Siettos, C. I. and Russo, L.},
  title   = {Mathematical modeling of infectious disease dynamics},
  journal = {Virulence},
  volume  = {4},
  number  = {4},
  pages   = {295--306},
  year    = {2013},

}

@article{temime2008rising,
  author  = {Temime, L. and Hejblum, G. and Setbon, M. and Valleron, A. J.},
  title   = {The rising impact of mathematical modelling in epidemiology: antibiotic resistance research as a case study},
  journal = {Epidemiology and Infection},
  volume  = {136},
  number  = {3},
  pages   = {289--298},
  year    = {2008},

}

@book{murray2002mathematical,
  author    = {Murray, J. D.},
  title     = {Mathematical Biology. I. An Introduction},
  edition   = {3rd},
  journal = {Springer},
  year      = {2002}
}

@article{reinitz-sharp1995mechanism,
    title={Mechanism of eve stripe formation},
    volume={49},
    number={1--2},
    journal={Mechanisms of Development},
    author={Reinitz, John and Sharp, David H.},
    year={1995},
    month={Jan},
    pages={133--158}
}

@article{jaeger-surkova2004dynamicControl,
    title={Dynamic control of positional information in the early Drosophila embryo},
    volume={430},
    number={6997},
    journal={Nature},
    author={Jaeger, Johannes and Surkova, Svetlana and Blagov, Maxim and Janssens, Hilde and Kosman, David and Kozlov, Konstantin N. and Manu and Myasnikova, Ekaterina and Vanario-Alonso, Carlos E. and Samsonova, Maria and et al.},
    year={2004},
    month={Jul},
    pages={368--371}
}

@article{jaeger-surkova2004dynamicAnalysis,
    title={Dynamical analysis of regulatory interactions in the gap gene system of drosophila melanogaster},
    volume={167},
    number={4},
    journal={Genetics},
    author={Jaeger, Johannes and Blagov, Maxim and Kosman, David and Kozlov, Konstantin N and Myasnikova, Ekaterina and Surkova, Svetlana and Vanario-Alonso, Carlos E and Samsonova, Maria and Sharp, David H and Reinitz, John},
    year={2004},
    month={Aug},
    pages={1721--1737}
} 

@article{johri-aquadro2022recommendations,
    title={Recommendations for improving statistical inference in population genomics},
    volume={20},
    number={5},
    journal={PLOS Biology},
    author={Johri, Parul and Aquadro, Charles F. and Beaumont, Mark and Charlesworth, Brian and Excoffier, Laurent and Eyre-Walker, Adam and Keightley, Peter D. and Lynch, Michael and McVean, Gil and Payseur, Bret A. and et al.},
    year={2022},
    month={May},
    pages={e3001669}
} 

@article{rosenberg-stadler-steel2025aMathematical,
    title={A mathematical theory of evolution: Phylogenetic models dating back 100 Years},
    volume={380},
    number={1919},
    journal={Philosophical Transactions of the Royal Society B: Biological Sciences},
    author={Rosenberg, Noah A. and Stadler, Tanja and Steel, Mike},
    year={2025},
    month={Feb},
    pages = {20230297},
}


% Evolution as a stochastic process
@article{Arenas2015,
  author = {Arenas, M.},
  title = {Trends in substitution models of molecular evolution},
  journal = {Frontiers in Genetics},
  volume = {6},
  pages = {319},
  year = {2015}
}

@article{Beaumont2010,
  author = {Beaumont, M. A.},
  title = {Approximate Bayesian computation in evolution and ecology},
  journal = {Annual Review of Ecology, Evolution, and Systematics},
  volume = {41},
  pages = {379--406},
  year = {2010}
}

@book{CrowKimura1970,
  author = {Crow, J. F. and Kimura, M.},
  title = {An Introduction to Population Genetics Theory},
  journal = {Harper \& Row},
  year = {1970}
}

@article{fourment-claywell2017,
    title={Effective online bayesian phylogenetics via Sequential Monte Carlo with guided proposals},
    volume={67},
    number={3},
    journal={Systematic Biology},
    author={Fourment, Mathieu and Claywell, Brian C and Dinh, Vu and McCoy, Connor and Matsen IV, Frederick A and Darling, Aaron E},
    year={2017},
    month={Nov},
    pages={490--502}
}

@article{goodman-grossman2005,
    title={Moving primate genomics beyond the Chimpanzee genome},
    volume={21},
    number={9},
    journal={Trends in Genetics},
    author={Goodman, Morris and Grossman, Lawrence I. and Wildman, Derek E.},
    year={2005},
    month={Sep},
    pages={511--517}
} 

@article{DegnanRosenberg2009,
  author = {Degnan, J. H. and Rosenberg, N. A.},
  title = {Gene tree discordance, phylogenetic inference and the multispecies coalescent},
  journal = {Annual Review of Ecology, Evolution, and Systematics},
  volume = {40},
  pages = {61--80},
  year = {2009}
}

@book{Felsenstein2004,
  author = {Felsenstein, J.},
  title = {Inferring Phylogenies},
  journal = {Sinauer Associates},
  year = {2004},
  address = {Sunderland, MA}
}

@article{Huelsenbeck2001,
  author = {Huelsenbeck, J. P. and Ronquist, F. and Nielsen, R. and Bollback, J. P.},
  title = {Bayesian inference of phylogeny and its impact on evolutionary biology},
  journal = {Science},
  volume = {294},
  number = {5550},
  pages = {2310--2314},
  year = {2001}
}

@article{Kimura1968,
  author = {Kimura, M.},
  title = {Evolutionary rate at the molecular level},
  journal = {Nature},
  volume = {217},
  number = {5129},
  pages = {624--626},
  year = {1968}
}

@article{Porter2023,
    title={Evolutionary rate of SARS-COV-2 increases during zoonotic infection of Farmed Mink},
    volume={9},
    number={1},
    journal={Virus Evolution},
    author={Porter, Ashleigh F and Purcell, Damian F and Howden, Benjamin P and Duchene, Sebastian},
    year={2023},
    month={Jan}
} 

@article{Kimura1980,
  author = {Kimura, M.},
  title = {A simple method for estimating evolutionary rates of base substitutions through comparative studies of nucleotide sequences},
  journal = {Journal of Molecular Evolution},
  volume = {16},
  number = {2},
  pages = {111--120},
  year = {1980}
}

@article{Kingman1982,
  author = {Kingman, J. F. C.},
  title = {The coalescent},
  journal = {Stochastic Processes and their Applications},
  volume = {13},
  number = {3},
  pages = {235--248},
  year = {1982}
}

@article{KosiolGoldman2011,
  author = {Kosiol, C. and Goldman, N.},
  title = {Markovian and non-Markovian protein sequence evolution: aggregated Markov process models},
  journal = {Journal of Molecular Biology},
  volume = {411},
  number = {4},
  pages = {910--923},
  year = {2011}
}

@article{Maddison1997,
  author = {Maddison, W. P.},
  title = {Gene trees in species trees},
  journal = {Systematic Biology},
  volume = {46},
  number = {3},
  pages = {523--536},
  year = {1997}
}

@article{Nascimento2017,
  author = {Nascimento, F. F. and dos Reis, M. and Yang, Z.},
  title = {A biologist's guide to Bayesian phylogenetic analysis},
  journal = {Nature Ecology \& Evolution},
  volume = {1},
  number = {10},
  pages = {1446--1454},
  year = {2017}
}

@article{Ohta1973,
  author = {Ohta, T.},
  title = {Slightly deleterious mutant substitutions in evolution},
  journal = {Nature},
  volume = {246},
  number = {5428},
  pages = {96--98},
  year = {1973}
}

@article{Orr2005,
  author = {Orr, H. A.},
  title = {The genetic theory of adaptation: a brief history},
  journal = {Nature Reviews Genetics},
  volume = {6},
  number = {2},
  pages = {119--127},
  year = {2005}
}

@article{OttoLenormand2002,
  author = {Otto, S. P. and Lenormand, T.},
  title = {Resolving the paradox of sex and recombination},
  journal = {Nature Reviews Genetics},
  volume = {3},
  number = {4},
  pages = {252--261},
  year = {2002}
}

@article{SchriderKern2018,
  author = {Schrider, D. R. and Kern, A. D.},
  title = {Supervised machine learning for population genetics: a new paradigm},
  journal = {Trends in Genetics},
  volume = {34},
  number = {4},
  pages = {301--312},
  year = {2018}
}

@article{kulikov-derakhshandeh2024,
    title={Machine learning can be as good as maximum likelihood when reconstructing phylogenetic trees and determining the best evolutionary model on four taxon alignments},
    volume={200},
    journal={Molecular Phylogenetics and Evolution},
    author={Kulikov, Nikita and Derakhshandeh, Fatemeh and Mayer, Christoph},
    year={2024},
    month={Nov},
    pages={108181}
} 

@article{SheehanSong2016,
  author = {Sheehan, S. and Song, Y. S.},
  title = {Deep learning for population genetic inference},
  journal = {PLoS Computational Biology},
  volume = {12},
  number = {3},
  pages = {e1004845},
  year = {2016}
}

@article{borowiec-dikow2022,
    title={Deep learning as a tool for ecology and evolution},
    volume={13},
    number={8},
    journal={Methods in Ecology and Evolution},
    author={Borowiec, Marek L. and Dikow, Rebecca B. and Frandsen, Paul B. and McKeeken, Alexander and Valentini, Gabriele and White, Alexander E.},
    year={2022},
    month={Jun},
    pages={1640--1660}
} 

@article{Wright1931,
  author = {Wright, S.},
  title = {Evolution in Mendelian populations},
  journal = {Genetics},
  volume = {16},
  number = {2},
  pages = {97--159},
  year = {1931}
}

@article{YangRannala2012,
  author = {Yang, Z. and Rannala, B.},
  title = {Molecular phylogenetics: principles and practice},
  journal = {Nature Reviews Genetics},
  volume = {13},
  number = {5},
  pages = {303--314},
  year = {2012}
}

@article{siepel2009,
    title={Phylogenomics of primates and their ancestral populations},
    volume={19},
    number={11},
    journal={Genome Research},
    author={Siepel, Adam},
    year={2009},
    month={Oct},
    pages={1929--1941}
}

@article{haag-liautard2007,
    title={Direct estimation of per nucleotide and genomic deleterious mutation rates in drosophila},
    volume={445},
    number={7123},
    journal={Nature},
    author={Haag-Liautard, Cathy and Dorris, Mark and Maside, Xulio and Macaskill, Steven and Halligan, Daniel L. and Charlesworth, Brian and Keightley, Peter D.},
    year={2007},
    month={Jan},
    pages={82--85}
}

@article{barton2010,
    title={Mutation and the evolution of recombination},
    volume={365},
    number={1544},
    journal={Philosophical Transactions of the Royal Society B: Biological Sciences},
    author={Barton, N. H.},
    year={2010},
    month={Apr},
    pages={1281-1294}
}

@article{buonagurio1986,
    title={Evolution of human influenza A viruses over 50 years: Rapid, uniform rate of change in NS gene},
    volume={232},
    number={4753},
    journal={Science},
    author={Buonagurio, Deborah A. and Nakada, Susumu and Parvin, Jeffrey D. and Krystal, Mark and Palese, Peter and Fitch, Walter M.},
    year={1986},
    month={May},
    pages={980--982}
} 

@article{schrider-houle2013,
    title={Rates and genomic consequences of spontaneous mutational events in Drosophila melanogaster},
    volume={194},
    number={4},
    journal={Genetics},
    author={Schrider, Daniel R and Houle, David and Lynch, Michael and Hahn, Matthew W},
    year={2013},
    month={Aug},
    pages={937--954}
} 

@article{barton-otto2005,
    title={Evolution of recombination due to Random Drift},
    volume={169},
    number={4},
    journal={Genetics},
    author={Barton, N H and Otto, Sarah P},
    year={2005},
    month={Apr},
    pages={2353--2370}
} 

@article{lewontin1975,
    place={New York},
    title={The genetic basis of Evolutionary Change},
    journal={Columbia University Press},
    author={Lewontin, Richard C.},
    year={1975}
}

@article{haldane1937effect,
  author = {Haldane, J. B. S.},
  title = {The Effect of Variation on Fitness},
  journal = {The American Naturalist},
  volume = {71},
  number = {735},
  pages = {337--349},
  year = {1937},
}

@article{beerli-felsenstein2001,
    title={Maximum likelihood estimation of a migration matrix and effective population sizes innsubpopulations by using a coalescent approach},
    volume={98},
    number={8},
    journal={Proceedings of the National Academy of Sciences},
    author={Beerli, Peter and Felsenstein, Joseph},
    year={2001},
    month={Apr},
    pages={4563--4568}
} 

@article{griffiths-marjoram1996,
    title={Ancestral inference from samples of DNA sequences with recombination},
    volume={3},
    number={4},
    journal={Journal of Computational Biology},
    author={Groffiths, R.C. and Marjoram, P.},
    year={1996},
    month={Jan},
    pages={479--502}
}

@article{hein2004gene,
  title={Gene genealogies, variation and evolution: a primer in coalescent theory},
  author={Hein, Jotun and Schierup, Mikkel and Wiuf, Carsten},
  year={2004},
  journal={Oxford University Press, USA}
}

@article{marion-noor2023,
    title={Interrogating the roles of mutation-selection balance, heterozygote advantage, and linked selection in maintaining recessive lethal variation in natural populations},
    volume={11},
    number={1},
    journal={Annual Review of Animal Biosciences},
    author={Marion, Sarah B. and Noor, Mohamed A.F.},
    year={2023},
    month={Feb},
    pages={77-91}
} 

% Molecular clock
@article{Bromham2003,
  author = {Bromham, L. and Penny, D.},
  title = {The modern molecular clock},
  journal = {Nature Reviews Genetics},
  volume = {4},
  number = {3},
  pages = {216--224},
  year = {2003},

}

@article{takahata2007,
    author={Takahata, N.},
    title={Molecular clock: An anti-neo-darwinian legacy},
    journal={Genetics},
    volume={176},
    number={1},
    pages={1--6},
    year={2007},
} 

@article{Drummond2006,
  author = {Drummond, A. J. and Ho, S. Y. W. and Phillips, M. J. and Rambaut, A.},
  title = {Relaxed phylogenetics and dating with confidence},
  journal = {PLoS Biology},
  volume = {4},
  number = {5},
  pages = {e88},
  year = {2006},

}

@article{Ho2014,
  author = {Ho, S. Y. W. and Duch\^ene, S.},
  title = {Molecular-clock methods for estimating evolutionary rates and timescales},
  journal = {Molecular Ecology},
  volume = {23},
  number = {24},
  pages = {5947--5965},
  year = {2014},

}

@article{Ho2011,
  author = {Ho, S. Y. W. and Lanfear, R. and Bromham, L. and Phillips, M. J. and Soubrier, J. and Rodrigo, A. G. and Cooper, A.},
  title = {Time-dependent rates of molecular evolution},
  journal = {Molecular Ecology},
  volume = {20},
  number = {15},
  pages = {3087--3101},
  year = {2011},

}

@article{fisher-hassler2022,
    title={Scalable bayesian phylogenetics},
    volume={377},
    number={1861},
    journal={Philosophical Transactions of the Royal Society B: Biological Sciences},
    author={Fisher, Alexander A. and Hassler, Gabriel W. and Ji, Xiang and Baele, Guy and Suchard, Marc A. and Lemey, Philippe},
    year={2022},
    month={Aug}
} 

@article{Kimura1968,
  author = {Kimura, M.},
  title = {Evolutionary rate at the molecular level},
  journal = {Nature},
  volume = {217},
  number = {5129},
  pages = {624--626},
  year = {1968},

}

@article{Kumar2016,
  author = {Kumar, S. and Hedges, S. B.},
  title = {Advances in time estimation methods for molecular data},
  journal = {Molecular Biology and Evolution},
  volume = {33},
  number = {4},
  pages = {863--869},
  year = {2016},

}

@article{Gillespie1984,
    title={The molecular clock may be an episodic clock.},
    volume={81},
    number={24},
    journal={Proceedings of the National Academy of Sciences},
    author={Gillespie, J H},
    year={1984},
    month={Dec},
    pages={8009--8013}
} 

@article{Nie2020,
  author = {Nie, Q. and Li, X. and Chen, W. and Liu, D. and Chen, Y. and Li, H. and Tan, W.},
  title = {Phylogenetic and phylodynamic analyses of SARS-CoV-2},
  journal = {Virus Research},
  volume = {287},
  pages = {198098},
  year = {2020},

}

@article{Pybus2009,
  author = {Pybus, O. G. and Rambaut, A.},
  title = {Evolutionary analysis of the dynamics of viral infectious disease},
  journal = {Nature Reviews Genetics},
  volume = {10},
  number = {8},
  pages = {540--550},
  year = {2009},

}

@article{Ledford2008,
    title={Tissue sample confirms HIV has been infecting humans for a century},
    journal={Nature},
    author={Ledford, Heidi},
    year={2008},
    month={Oct}
} 

@article{Worobey2008,
  author = {Worobey, M. and Gemmel, M. and Teuwen, D. E. and Haselkorn, T. and Kunstman, K. and Bunce, M. and Wolinsky, S. M.},
  title = {Direct evidence of extensive diversity of HIV-1 in Kinshasa by 1960},
  journal = {Nature},
  volume = {455},
  number = {7213},
  pages = {661--664},
  year = {2008},

}

% RNA viruses
@article{Duffy2018,
  author = {Duffy, S.},
  title = {Why are RNA virus mutation rates so damn high?},
  journal = {PLoS Biology},
  volume = {16},
  number = {6},
  pages = {e3000003},
  year = {2018},
}

@article{Holmes2009,
  author = {Holmes, E. C.},
  title = {The Evolution and Emergence of RNA Viruses},
  journal = {Oxford University Press},
  year = {2009},
}

@article{Grenfell2004,
  author = {Grenfell, B. T. and Pybus, O. G. and Gog, J. R. and Wood, J. L. and Daly, J. M. and Mumford, J. A. and Holmes, E. C.},
  title = {Unifying the epidemiological and evolutionary dynamics of pathogens},
  journal = {Science},
  volume = {303},
  number = {5656},
  pages = {327-332},
  year = {2004},

}


@article{Grubaugh2019,
  author = {Grubaugh, N. D. and Ladner, J. T. and Lemey, P. and Pybus, O. G. and Rambaut, A. and Holmes, E. C. and Andersen, K. G.},
  title = {Tracking virus outbreaks in the twenty-first century},
  journal = {Nature Microbiology},
  volume = {4},
  number = {1},
  pages = {10-19},
  year = {2019},

}

@article{Pollett2020,
  author = {Pollett, S. and Conte, M. A. and Sanborn, M. and Jarman, R. G. and Grubaugh, N. D. and Pybus, O. G.},
  title = {Genomic epidemiology as a public health tool to combat mosquito-borne virus outbreaks},
  journal = {Journal of Infectious Diseases},
  volume = {221},
  number = {Suppl 3},
  pages = {S308-S318},
  year = {2020},

}

@article{Hill2021,
  author = {Hill, V. and Ruis, C. and Bajaj, S. and Pybus, O. G. and Kraemer, M. U. G.},
  title = {Progress and challenges in virus genomic epidemiology},
  journal = {Trends in Parasitology},
  volume = {37},
  number = {12},
  pages = {1038-1049},
  year = {2021},

}

@article{Smith2009,
  author = {Smith, G. J. D. and Vijaykrishna, D. and Bahl, J. and Lycett, S. J. and Worobey, M. and Pybus, O. G. and Guan, Y.},
  title = {Origins and evolutionary genomics of the 2009 swine-origin H1N1 influenza A epidemic},
  journal = {Nature},
  volume = {459},
  number = {7249},
  pages = {1122-1125},
  year = {2009},

}

@article{Gire2014,
  author = {Gire, S. K. and Goba, A. and Andersen, K. G. and Sealfon, R. S. G. and Park, D. J. and Kanneh, L. and Sabeti, P. C.},
  title = {Genomic surveillance elucidates Ebola virus origin and transmission during the 2014 outbreak},
  journal = {Science},
  volume = {345},
  number = {6202},
  pages = {1369-1372},
  year = {2014},

}

@article{Luksza2014,
  author = {Luksza, M. and Lässig, M.},
  title = {A predictive fitness model for influenza},
  journal = {Nature},
  volume = {507},
  number = {7490},
  pages = {57-61},
  year = {2014},

}

@article{nie2020sarscov2,
  author = {Nie, Qingdi and Li, Xiaoyu and Chen, Weijie and Liu, Dan and Chen, Yan and Li, Haifeng and Tan, Wenjie},
  title = {Phylogenetic and phylodynamic analyses of SARS-CoV-2},
  journal = {Virus Research},
  volume = {287},
  pages = {198098},
  year = {2020},
}

@article{pybus2009evolutionary,
  author = {Pybus, Oliver G. and Rambaut, Andrew},
  title = {Evolutionary analysis of the dynamics of viral infectious disease},
  journal = {Nature Reviews Genetics},
  volume = {10},
  number = {8},
  pages = {540-550},
  year = {2009},
}

% Research gaps
@article{lunzer2010pervasive,
  author = {Lunzer, Mark and Golding, G. Brian and Dean, Antony M.},
  title = {Pervasive cryptic epistasis in molecular evolution},
  journal = {PLoS Genetics},
  volume = {6},
  number = {10},
  pages = {e1001162},
  year = {2010},

}

@article{neher2009competition,
  author = {Neher, Richard A. and Shraiman, Boris I.},
  title = {Competition between recombination and epistasis can cause a transition from allele to genotype selection},
  journal = {Proceedings of the National Academy of Sciences},
  volume = {106},
  number = {16},
  pages = {6866-6871},
  year = {2009},

}

@article{csillery2010approximate,
  author = {Csilléry, Katalin and Blum, Michael G. B. and Gaggiotti, Oscar E. and François, Olivier},
  title = {Approximate Bayesian computation (ABC) in practice},
  journal = {Trends in Ecology \& Evolution},
  volume = {25},
  number = {7},
  pages = {410-418},
  year = {2010},

}

@article{meyer2017accelerating,
  author = {Meyer, Xavier and Chopard, Bastien and Salamin, Nicolas},
  title = {Accelerating Bayesian inference for evolutionary biology models},
  journal = {Bioinformatics},
  volume = {33},
  number = {5},
  pages = {669-676},
  year = {2017},

}
%!
@article{bryant2017special, 
  author = {Bryant, David},
  title = {Special Issue: Mathematical and Computational Evolutionary Biology—2015},
  journal = {Systematic Biology},
  volume = {66},
  number = {1},
  pages = {1-3},
  year = {2017},

}

@article{bouckaert2014beast,
  author = {Bouckaert, Remco and Heled, Joseph and Kühnert, Denise and Vaughan, Timothy and Wu, Chieh-Hsi and Xie, Dong and Drummond, Alexei J.},
  title = {BEAST 2: A software platform for Bayesian evolutionary analysis},
  journal = {PLoS Computational Biology},
  volume = {10},
  number = {4},
  pages = {e1003537},
  year = {2014},

}

@article{haller2019slim,
  author = {Haller, Benjamin C. and Messer, Philipp W.},
  title = {SLiM 3: Forward genetic simulations beyond the Wright-Fisher model},
  journal = {Molecular Biology and Evolution},
  volume = {36},
  number = {3},
  pages = {632-637},
  year = {2019},

}

@article{miguelAngel2021,
author="Lozano, Miguel Angel
and Orts, {\`O}scar Garibo i.
and Pi{\~{n}}ol, Eloy
and Rebollo, Miguel
and Polotskaya, Kristina
and Garcia-March, Miguel Angel
and Conejero, J. Alberto
and Escolano, Francisco
and Oliver, Nuria",
title="Open Data Science to Fight COVID-19: Winning the 500k XPRIZE Pandemic Response Challenge",
journal="Machine Learning and Knowledge Discovery in Databases. Applied Data Science Track. Springer International Publishing",
year="2021",
pages="384--399",
}